<?xml version="1.0" encoding="UTF-8"?><collection xmlns="http://www.loc.gov/MARC21/slim"><record><leader>00521nam--2200169-i-4500</leader><controlfield tag="001">000028005</controlfield><controlfield tag="002">20161230</controlfield><controlfield tag="005">20161230201037</controlfield><controlfield tag="008">060222s1000------------r-----000-0-eng-d</controlfield><datafield ind1=" " ind2=" " tag="040"><subfield code="a">IFIN-HH</subfield></datafield><datafield ind1=" " ind2=" " tag="080"><subfield code="a">015:539.172.3:539.2:546.72</subfield></datafield><datafield ind1="1" ind2=" " tag="100"><subfield code="a">Lefkowitz, Stanley A</subfield></datafield><datafield ind1="1" ind2="0" tag="245"><subfield code="a">Mossbauer effect studies of fe57 in solid and liquid states</subfield><subfield code="b">Dissertation</subfield><subfield code="c">Stanley a. lefkowitz</subfield></datafield><datafield ind1=" " ind2=" " tag="260"><subfield code="a">Ann Arbor, Michigan</subfield><subfield code="b">University Microfilms</subfield><subfield code="c">1970</subfield></datafield><datafield ind1=" " ind2=" " tag="300"><subfield code="a">62P</subfield></datafield><datafield ind1=" " ind2=" " tag="852"><subfield code="a">37848</subfield><subfield code="c">539.163.2</subfield></datafield><datafield ind1=" " ind2=" " tag="CAT"><subfield code="a">Sys</subfield><subfield code="c">20120524</subfield><subfield code="h">133237</subfield></datafield></record></collection>